

@article{scottInteractiveEffectsDrought2019,
  title = {Interactive Effects of Drought Severity and Simulated Herbivory on Tea ({{{\emph{Camellia}}}}{\emph{ Sinensis}}) Volatile and Non-Volatile Metabolites},
  author = {Scott, Eric R. and Li, Xin and Kfoury, Nicole and Morimoto, Joshua and Han, Wen-Yan and Ahmed, Selena and Cash, Sean B. and Griffin, Timothy S. and Stepp, John R. and Robbat, Albert and Orians, Colin M.},
  year = {2019},
  month = jan,
  journal = {Environmental and Experimental Botany},
  volume = {157},
  pages = {283--292},
  publisher = {{Elsevier}},
  issn = {00988472},
  doi = {10.1016/j.envexpbot.2018.10.025},
  copyright = {All rights reserved},
  file = {/Users/scottericr/Zotero/storage/UGQDMEDS/Scott et al. - 2019 - Interactive effects of drought severity and simula.pdf}
}




@article{mgcv,
	title = {Fast stable restricted maximum likelihood and marginal 
likelihood estimation of semiparametric generalized linear models},
	author = {Wood, S. N.},
	year = {2011},
	date = {2011},
	pages = {3--36},
	volume = {73}
}

@article{scottDelayedEffectsClimate2022,
	title = {Delayed effects of climate on vital rates lead to demographic divergence in Amazonian forest fragments},
	author = {Scott, Eric R. and Uriarte, {María} and Bruna, Emilio M.},
	year = {2022},
	date = {2022},
	journal = {Global Change Biology},
	pages = {463--479},
	volume = {28},
	number = {2},
	doi = {10.1111/gcb.15900},
	url = {http://onlinelibrary.wiley.com/doi/abs/10.1111/gcb.15900},
	note = {{\_}eprint: https://onlinelibrary.wiley.com/doi/pdf/10.1111/gcb.15900},
	langid = {en}
}

@article{eversLaggedDormantSeason2021,
	title = {Lagged and dormant season climate better predict plant vital rates than climate during the growing season},
	author = {Evers, Sanne M. and Knight, Tiffany M. and Inouye, David W. and Miller, Tom E. X. and {Salguero{-}Gómez}, Roberto and Iler, Amy M. and Compagnoni, Aldo},
	year = {2021},
	date = {2021},
	journal = {Global Change Biology},
	pages = {1927--1941},
	volume = {27},
	doi = {https://doi.org/10.1111/gcb.15519},
	url = {https://onlinelibrary.wiley.com/doi/abs/10.1111/gcb.15519},
	note = {{\_}eprint: https://onlinelibrary.wiley.com/doi/pdf/10.1111/gcb.15519},
	langid = {en}
}
